<?xml version="1.0" encoding="UTF-8"?><collection xmlns="http://www.loc.gov/MARC21/slim"><record><leader>00409nam--2200157-i-4500</leader><controlfield tag="001">000002621</controlfield><controlfield tag="002">20161230</controlfield><controlfield tag="005">20170212004639</controlfield><controlfield tag="008">060222s1000------------r-----000-0-eng-d</controlfield><datafield ind1=" " ind2=" " tag="100"><subfield code="a">Dickson, J. Home</subfield></datafield><datafield ind1=" " ind2=" " tag="245"><subfield code="a">Laboratory instruments. Their design and application</subfield></datafield><datafield ind1=" " ind2=" " tag="260"><subfield code="a">London</subfield><subfield code="b">Chapman &amp; Hall Ltd</subfield><subfield code="c">1951</subfield></datafield><datafield ind1=" " ind2=" " tag="300"><subfield code="a">414 p</subfield></datafield><datafield ind1=" " ind2=" " tag="700"><subfield code="a">Elliott, A</subfield></datafield><datafield ind1=" " ind2=" " tag="852"><subfield code="a">53.07</subfield></datafield><datafield ind1=" " ind2=" " tag="CAT"><subfield code="a">SYS</subfield><subfield code="c">20170212</subfield><subfield code="h">004639</subfield></datafield></record></collection>